@techreport{13,
    Address = {Seattle, WA-98195},
    Author = {Vaishnavi Sannidhanam and Muthukaruppan Annamalai},
    Institution = {Department of Computer Science and Egineering, Paul G. Allen Center, University of Washington},
    Title = {An Analysis of Heuristics in Othello},
    Year = {2004}}

@techreport{11,
    Author = {Jack Chen},
    Institution = {tjhsst Computer Systems Lab},
    Title = {Applications of Articial Intelligence and Machine Learning in Othello},
    Year = {2009-2010}}

@article{7,
    Author = {Olivier Teytaud},
    Journal = {Interstices},
    Title = {Programmation des {\'e}checs et d'autres jeux},
    Year = {2012}}


@article{a,
    Author = {Michael Buro},
    Journal = {Entertainment Computing - Technology and Applications},
    Pages = {81-88},
    Title = {The Evolution of Strong Othello Programs},
    Year = {2003}}

@article{5b,
    Author = {Michael Buro},
    Journal = {ICCA Journal},
    Number = {2},
    Pages = {71-76},
    Title = {How Machines have Learned to Play Othello},
    Volume = {20},
    Year = {1997}}

@article{5a,
    Author = {Michael Buro},
    Journal = {ICCA Journal},
    Number = {2},
    Pages = {71-76},
    Title = {ProbCub: An Effective Selective Extension of the Alpha-Beta Algorithm},
    Volume = {18},
    Year = {1995}}


@TECHREPORT{b,
    author = {Anton Leouski},
    title = {Learning of Position Evaluation in the Game of Othello},
    institution = {Department of Computer Science University of Massachusetts},
    year = {1995}
}

@misc{2,
	author = {Fabien Torre},
	year = {2013},
    month = {septembre},
	Url = "http://www.grappa.univ-lille3.fr/~torre/Enseignement/Cours/Intelligence-Artificielle/jeux.php"}

@misc{1,
	author = {B. Causse and R. Delorme and S. Nicolet},
	year = {1998},
	Url = "http://www.ffothello.org/info/algos.php"}

@misc{jacothellon,
   Author = {Audrey Colbrant and Elodie Nouguier},
   Title = {Jacothellon},
   Url = {http://alasea.free.fr/Othello.pdf},
   Year = {2005/2006}}

@misc{edax,
   Author = {Richard Delorme},
   Title = {Edax},
   Url = {http://abulmo.perso.neuf.fr/edax/4.3/index.htm},
   Year = {2012}}

@misc{logistello,
   Author = {Michael Buro},
   Title = {Logistello},
   Url = {https://skatgame.net/mburo/log.html},
	year = {2002}
}

@TECHREPORT{bill,
    author = {Kai-Fu Lee and Sanjoy Mahajan},
    title = {BILL: A Table-Based, Knowledge-Intensive Othello Program},
    institution = {Computer Science Department of Carnegie Mellon University},
    year = {1986}
}

@TECHREPORT{iago,
    author = {Paul S. Rosenbloom},
    title = {A world-championship-level Othello programm},
    institution = {Computer Science Department of Carnegie Mellon University},
    year = {1981}
}

@misc{hannibal,
  author = {Louis Geoffroy and Martin Piotte},
  Title = {Hannibal},
  Url = {http://satirist.org/learn-game/systems/othello/hannibal.html},
  year = {1998}
}


@MISC{otstory,
    author = {Bruno de la Boisserie},
    title = {Anthologie des programmes d'Othello},
    year = {1996},
	url = {http://brunodlb.pagesperso-orange.fr/ot_story.htm}
}


@MISC{antho,
    author = {F{\'e}d{\'e}ration Fran\c{c}aise d'Othello},
    title = {Anthologie des programmes d'Othello-Reversi},
    year = {2002},
	url = {https://skatgame.net/mburo/tour.html}
}

@MISC{prog1,
    author = {F{\'e}d{\'e}ration Fran\c{c}aise d'Othello},
    title = {Programmes fran\c{c}ais d'Othello},
    year = {2002},
	url = {http://www.ffothello.org/info/programmeurs1.php}
}

@MISC{prog2,
    author = {F{\'e}d{\'e}ration Fran\c{c}aise d'Othello},
    title = {Programmes {\'e}trangers d'Othello},
    year = {2002},
	url = {http://www.ffothello.org/info/programmeurs2.php}
}

@misc{projothello1,
	author = {Guillaume Sauveur and Maxime Harnois and Charles Melin},
	title = {Jeu d'Othello en JAVA},
	year = {2005},
	url = {http://www.taussane.com/backup/projet2.php}
}

@misc{projothello2,
	author = {Pierre-Emannuel Mercier},
	title = {Othello en C++ et SFML},
	year = {2010},
	url = {http://blog.ace-art.fr/2010/04/26/othello/}
}

@misc{strategy,
  title = {Strategy Guide for Reverso and Reversed Reversi},
  author = {Steve MacGuire},
  year = {2006},
  url = {http://www.samsoft.org.uk/reversi/strategy.htm}
}